@article{Louvot:2008sc,
      author         = "Louvot, R. and others",
      title          = "{Measurement of the decay $B_s^0 \to D_s^- \pi^{+}$ and
                        evidence for $B_s^0 \to D_s^\mp K^\pm$ in $e^+ e^-$
                        annihilation at $\sqrt{s}=10.87$ GeV}",
      collaboration  = "Belle collaboration",
      journal        = "Phys. Rev. Lett.",
      volume         = "102",
      year           = "2009",
      pages          = "021801",
      doi            = "10.1103/PhysRevLett.102.021801",
      eprint         = "0809.2526",
      archivePrefix  = "arXiv",
      primaryClass   = "hep-ex",
      reportNumber   = "KEK-2008-27, BELLE-2008-24",
      SLACcitation   = "%%CITATION = ARXIV:0809.2526;%%"
}

@article{Abe:2010gxa,
      author         = "Abe, T. and others",
      title          = "{Belle II Technical Design Report}",
      collaboration  = "Belle-II collaboration",
      year           = "2010",
      eprint         = "1011.0352",
      archivePrefix  = "arXiv",
      primaryClass   = "physics.ins-det",
      reportNumber   = "KEK-REPORT-2010-1",
      SLACcitation   = "%%CITATION = ARXIV:1011.0352;%%"
}


@article{Aushev:2010bq,
      author         = "Aushev, T. and others",
      title          = "{Physics at Super B Factory}",
      eprint         = "1002.5012",
      archivePrefix  = "arXiv",
      primaryClass   = "hep-ex",
      year           = "2010",
      SLACcitation   = "%%CITATION = ARXIV:1002.5012;%%"
}

@article{Salam,
author         = "Salam, Abdus",
      title          = "{Weak and electromagnetic interactions}",
      booktitle      = "{8th Nobel Symposium Lerum, Sweden, May 19-25, 1968}",
      journal        = "Conf. Proc.",
      volume         = "C680519",
      year           = "1968",
      pages          = "367-377",
      SLACcitation   = "%%CITATION = CONFP,C680519,367;%%"
}

@article{Weinberg,
author         = "Weinberg, Steven",
      title          = "{A model of leptons}",
      journal        = "Phys. Rev. Lett.",
      volume         = "19",
      year           = "1967",
      pages          = "1264-1266",
      doi            = "10.1103/PhysRevLett.19.1264",
      SLACcitation   = "%%CITATION = PRLTA,19,1264;%%"
}

@article{Glashow,
author         = "Glashow, S. L.",
      title          = "{Partial symmetries of weak interactions}",
      journal        = "Nucl. Phys.",
      volume         = "22",
      year           = "1961",
      pages          = "579-588",
      doi            = "10.1016/0029-5582(61)90469-2",
      SLACcitation   = "%%CITATION = NUPHA,22,579;%%"
}

@misc{sm-cartoon,
author       = {M. Lubej},
title        = {personal website},
howpublished = {\url{http://www-f9.ijs.si/%7Elubej/SM.pdf}},
note         = {Accessed: 2018-05-14}
}

@article{Fermi,
author        = "E. Fermi",
title         = "{Sulla quantizzazione del gas perfetto monoatomico}",
journal       = "Rendiconti Lincei",
volume      = "3",
pages       = "145-9",
year          = "1926",
}

@article{Dirac,
author        = "P. A. M. Dirac",
title            = "{On the theory of quantum mechanics}",
journal       = "Proceedings of the Royal Society",
volume      = "A112 (762)",
pages       = "661-77",
year          = "1926",
}

@article{Bose,
author        = "S.Bose",
title         = "{Plancks Gesetz und Lichtquantenhypothese}",
journal       = "Z. Phys.",
volume      = "26",
pages       = "178-181",
year          = "1924",
}

@article{BroutEnglert,
author         = "Englert, F. and Brout, R.",
      title          = "{Broken symmetry and the mass of gauge vector mesons}",
      journal        = "Phys. Rev. Lett.",
      volume         = "13",
      year           = "1964",
      pages          = "321-323",
      doi            = "10.1103/PhysRevLett.13.321",
      SLACcitation   = "%%CITATION = PRLTA,13,321;%%"
}

@article{Higgs,
author         = "Higgs, Peter W.",
      title          = "{Broken symmetries and the masses of gauge bosons}",
      journal        = "Phys. Rev. Lett.",
      volume         = "13",
      year           = "1964",
      pages          = "508-509",
      doi            = "10.1103/PhysRevLett.13.508",
      SLACcitation   = "%%CITATION = PRLTA,13,508;%%"
}

@article{Guralnik,
author         = "Guralnik, G. S. and Hagen, C. R. and Kibble, T. W. B.",
      title          = "{Global conservation laws and massless particles}",
      journal        = "Phys. Rev. Lett.",
      volume         = "13",
      year           = "1964",
      pages          = "585-587",
      doi            = "10.1103/PhysRevLett.13.585",
      SLACcitation   = "%%CITATION = PRLTA,13,585;%%"
}

@article{ATLAS,
collaboration     =  "ATLAS collaboration",
author            =  "Aad, G. and others",
title                = "{Observation of a new particle in the search for the Standard Model Higgs boson with the ATLAS detector at the LHC}",
journal       = "Phys. Lett.",
volume      = "B716",
pages       = "1-29",
year          = "2012",
eprint         = "1207.7214",
archivePrefix  = "arXiv",
}

@article{CMS,
collaboration     =  "CMS collaboration",
author            =  "Chatrchyan, S. and others",
title                = "{Observation of a new boson at a mass of $125$ GeV with the CMS experiment at the LHC}",
journal       = "Phys. Lett.",
volume      = "B716",
pages       = "30",
year          = "2012",
eprint         = "1207.7235",
archivePrefix  = "arXiv",
}

@article{PRL-10-1963-531,
author        = "N. Cabibbo",
title         = "{Unitary symmetry and leptonic decays}",
journal       = "Phys. Rev. Lett.",
volume        = "178",
pages         = "531",
year          = "1963",
}

@article{PTP-49-1973-652,
author        = "Kobayashi, M. and Maskawa, T.",
title         = "{CP violation in the renormalizable theory of weak interaction}",
journal       = "Progr. Theor. Phys.",
volume        = "49",
pages         = "652",
year          = "1973",
}

@article{PRL-53-1984-53,
author        = "Chau, L.L. and Keung, W.Y.",
title         = "{Comments on the parametrization of the Kobayashi-Maskawa matrix}",
journal       = "Phys. Rev. Lett.",
volume        = "53",
pages         = "1802-1805",
year          = "1984",
}


@article{PRL-51-1983-1945,
author        = "L. Wolfenstein",
title         = "{Parametrization of the Kobayashi-Maskawa matrix}",
journal       = "Progr. Theor. Phys.",
volume        = "49",
pages         = "652",
year          = "1973",
}

@article{Jarlskog:1985ht,
      author         = "Jarlskog, C.",
      title          = "{Commutator of the quark mass matrices in the standard electroweak model and a measure of maximal $CP$ violation}",
      journal        = "Phys. Rev. Lett.",
      volume         = "55",
      year           = "1985",
      pages          = "1039",
      doi            = "10.1103/PhysRevLett.55.1039",
      reportNumber   = "USIP-85-14",
      SLACcitation   = "%%CITATION = PRLTA,55,1039;%%"
}

@article{Sakharov:1967dj,
      author         = "Sakharov, A. D.",
      title          = "{Violation of $CP$ invariance, $C$ asymmetry, and baryon asymmetry of the universe}",
      journal        = "Pisma Zh. Eksp. Teor. Fiz.",
      volume         = "5",
      year           = "1967",
      pages          = "32-35",
      doi            = "10.1070/PU1991v034n05ABEH002497",
      note           = "[Usp. Fiz. Nauk161,no.5,61(1991)]",
      SLACcitation   = "%%CITATION = ZFPRA,5,32;%%"
}

@article{CKMfitter,
author        = "Charles, J. and others",
title             = "{CP violation and the CKM matrix: assessing the impact of the asymmetric B factories}",
collaboration        = "CKMfitter group", 
journal       = "Eur. Phys. J.",
volume        = "C41",
pages         = "1-131",
year          = "2005",
note            = "{\newline updated results and plots available at \url{http://ckmfitter.in2p3.fr}}",
}


@book{CPviolation,
author    =  "Bigi, I. and Sanda, A. I.",
title         =  "CP violation",
publisher = "Cambridge Monographs on Particle Physics, Nuclear Physics and Cosmology",
year         = "2009",
}

@book{gram-schmidt,
author    =  "Cheney, W. and Kincaid, D. R.",
title         =  "Linear algebra: theory and applications",
publisher = "Jones \& Bartlett Learning International Series in Mathematic",
year         = "2009",

@article{Jung:2014jfa,
      author         = "Jung, Martin and Schacht, Stefan",
      title          = "{Standard model predictions and new physics sensitivity
                        in $B \to DD$ decays}",
      journal        = "Phys. Rev.",
      volume         = "D91",
      year           = "2015",
      number         = "3",
      pages          = "034027",
      doi            = "10.1103/PhysRevD.91.034027",
      eprint         = "1410.8396",
      archivePrefix  = "arXiv",
      primaryClass   = "hep-ph",
      reportNumber   = "DO-TH-13-24, TTP-14-027",
      SLACcitation   = "%%CITATION = ARXIV:1410.8396;%%"
}

@article{Bel:2015wha,
      author         = "Bel, Lennaert and De Bruyn, Kristof and Fleischer, Robert
                        and Mulder, Mick and Tuning, Niels",
      title          = "{Anatomy of $ B\to D\Dbar $ decays}",
      journal        = "JHEP",
      volume         = "07",
      year           = "2015",
      pages          = "108",
      doi            = "10.1007/JHEP07(2015)108",
      eprint         = "1505.01361",
      archivePrefix  = "arXiv",
      primaryClass   = "hep-ph",
      reportNumber   = "NIKHEF-2015-019",
      SLACcitation   = "%%CITATION = ARXIV:1505.01361;%%"
}

@article{Rohrken:2012ta,
      author         = "Rohrken, M. and others",
      title          = "{Measurements of Branching Fractions and Time-dependent
                        CP Violating Asymmetries in $B^{0} \to D^{(*)\pm}D^{\mp}$
                        Decays}",
      collaboration  = "Belle",
      journal        = "Phys. Rev.",
      volume         = "D85",
      year           = "2012",
      pages          = "091106",
      doi            = "10.1103/PhysRevD.85.091106",
      eprint         = "1203.6647",
      archivePrefix  = "arXiv",
      primaryClass   = "hep-ex",
      SLACcitation   = "%%CITATION = ARXIV:1203.6647;%%"
}

@article{Aubert:2008ah,
      author         = "Aubert, Bernard and others",
      title          = "{Measurements of time-dependent CP asymmetries in $B^0
                        \to D^{(*)+} D^{(*)-}$ decays}",
      booktitle      = "{Proceedings, 34th International Conference on High
                        Energy Physics (ICHEP 2008)}",
      collaboration  = "BaBar",
      journal        = "Phys. Rev.",
      volume         = "D79",
      year           = "2009",
      pages          = "032002",
      doi            = "10.1103/PhysRevD.79.032002",
      eprint         = "0808.1866",
      archivePrefix  = "arXiv",
      primaryClass   = "hep-ex",
      reportNumber   = "SLAC-PUB-13327, BABAR-PUB-08-039",
      SLACcitation   = "%%CITATION = ARXIV:0808.1866;%%"
}

@article{Hocker:2007ht,
      author         = "Hoecker, Andreas and Speckmayer, Peter and Stelzer, Joerg and Therhaag, Jan and von Toerne, Eckhard and Voss, Helge",
      title          = "{TMVA: Toolkit for multivariate data analysis}",
      journal        = "PoS",
      volume         = "ACAT",
      year           = "2007",
      pages          = "040",
      eprint         = "physics/0703039",
      archivePrefix  = "arXiv",
      SLACcitation   = "%%CITATION = PHYSICS/0703039;%%"
}

@article{sfit,
      author         = "Xie, Yuehong",
      title          = "{sFit: a method for background subtraction in maximum
                        likelihood fit}",
      year           = "2009",
      eprint         = "0905.0724",
      archivePrefix  = "arXiv",
      primaryClass   = "physics.data-an",
      SLACcitation   = "%%CITATION = ARXIV:0905.0724;%%"
}


@article{multipleCandidates,
author          = "P. Koppenburg",
title           = "{Statistical biases in measurements with multiple candidates}",
eprint         = "1703.01128",
archivePrefix  = "arXiv",
primaryClass   = "hep-ex",
}


@article{Breiman:1996zz,
      author         = "Breiman, Leo",
      title          = "{Bagging predictors}",
      journal        = "Machine Learning",
      volume         = "24",
      year           = "1996",
      pages          = "123-140",
      doi            = "10.1007/BF00058655",
      SLACcitation   = "%%CITATION = MALEE,24,123;%%"
}

@book{CERN-THESIS-2015-040,
      author        = "{D. Fazzini}",
      title         = "{Development of "same side" flavour tagging algorithms for measurements of flavour oscillations and \CP violation in the \Bz~meson system}",
      school        = "Master thesis, Milano Bicocca U., CERN-THESIS-2015-040",
      year          = "2015"
}

@book{matthieu,
author          = "{M. Marinangeli}",
title           = "{Search for the $B^0_s\to D^+ K^-$ decay at LHCb}",
publisher       = "Master Project, \'Ecole Polytechnique F\'ed\'erale de Lausanne",
year            = "2016"
}

@lhcbreport{LHCb-ANA-2015-061,

      number        = "{LHCb-ANA-2015-061}",
      collaboration = "{M. Calvi, D. Fazzini, A. Falabella and S. Vecchi}",
      title         = "{New algorithms to tag the flavour of \Bz mesons using pions and protons}",
}

@phdthesis{Grabalosa:2012qra,
      author         = "Grabalosa, Marc",
      title          = "{Flavour Tagging developments within the LHCb
                        experiment}",
      school         = "Barcelona U.",
      year           = "2012",
      reportNumber   = "CERN-THESIS-2012-075",
}

@article{LaThuile,
author          = "V. Battista",
title           = "{$b$-flavour tagging in $pp$ collisions at LHCb}",
journal      = "Il Nuovo Cimento",
volume    = "39C",
year        = "2016",
pages     = "335",
doi          = "10.1393/ncc/i2016-16335-5",
}

@book{bootstrapping,
author    =  "Good, P.",
title         =  "Permutation, parametric and bootstrap tests of hypotheses",
publisher = "Springer Series in Statistics",
year         = "2004",
}

@article{sPlot,
author         = "M. Pivk and F. R. Le Diberder",
title          = "{sPlot: a statistical tool to unfold data distributions}",
journal       = "Nucl. Instrum. Meth.",
volume        = "A555",
pages         = "356-369",
year          = "2005",
}

@Misc{hepml,
  author = 	 {A. Rogozhnikov},
  title = 	 {hep\textunderscore ml python package},
  howpublished = {\href{https://arogozhnikov.github.io/hep_ml/} {https://arogozhnikov.github.io/hep\textunderscore ml/}},
  note = {Accessed: 2018-05-18}
}

@misc{scikit-optimize,
author={Head, Tim and others},
title={scikit-optimize python package},
howpublished={\url{https://github.com/scikit-optimize}},
note = {Accessed: 2018-05-18}
}

@article{xgboost,
title="{XGBoost: A Scalable Tree Boosting System}",
author="Chen, Tianqi and Guestrin, Carlos",
year="2016",
eprint         = "1603.02754",
archivePrefix  = "arXiv",
primaryClass   = "cs",
}

