%Bibliography

@article{LHCb-DP-2014-001,
      author         = "Aaij, R. and others",
      title          = "{Performance of the LHCb Vertex Locator}",
      journal        = "JINST",
      volume         = "9",
      pages          = "P09007",
      year           = "2014",                                                                                                
}


}

@article{PRD-37-1988-3186,
author        = "I. Dunietz and R. G. Sachs",
title         = "{Asymmetry between inclusive charmed and anticharmed modes in $B^{0}$, $\bar B^{0}$ decay as a measure of $CP$ violation}",
journal       = "Phys. Rev.",
volume        = "D37",
pages         = "3186",
year          = "1988",
}

@article{ZPC-54-1992-653,
author        = "Aleksan, R. and Dunietz, I. and Kayser, B.",
title         = "{Determining the CP violating phase gamma}",
journal       = "Z Phys.",
volume        = "C54",
pages         = "653",
year          = "1992",
}

@article{NPB-671-2003-459,
author        = "R. Fleischer",
title         = "{New strategies to obtain insights into $CP$ violation through $B_{(s)}\to D_{(s)}^{\pm}K^{\mp}$, $D_(s)^{*\pm}K^{\mp}$,\dots and $B_{(d)}\to D^{\pm}\pi^{\mp}$, $D^{*\pm}\pi^{\mp}$,\dots decays}",
journal       = "Nucl. Phys.",
volume        = "B671",
pages         = "459",
year          = "2003",
}

@article{PRD-78-032005,
author        = "Aubert, B. and others",
title         = "{Measurement of the Branching Fractions of the Rare Decays $B^{0}\to D_s^{*+}\pi-$, $B^{0}\to D_{s}^{*+}\rho^{-}$, and $B^{0}\to D_{s}^{*-}K^{*+}$}",
collaboration = "BaBar collaboration",
journal       = "Phys. Rev.",
volume        = "D78",
pages         = "032005",
year          = "2008",
}

@article{PRD-82-051103,
author        = "Das, A. and others",
title         = "{Measurements of Branching Fractions for $B^{0}\to D_{s}^{+}\pi^{-}$ and $\bar B^{0}\to D_{s}^{+}K^{-}$}",
collaboration = "Belle collaboration",
journal       = "Phys. Rev.",
volume        = "D82",
pages         = "051103",
year          = "2010",
}


@article{PRD-71-2005-112003,
author        = "Aubert, B. and others",
title         = "{Measurement of time--dependent CP-violating asymmetries and constraints on $\sin(2\beta+\gamma)$ with partial reconstruction of $B\to D^{*\mp}\pi^{\pm}$ decays}",
collaboration = "BaBar collaboration",
journal       = "Phys. Rev.",
volume        = "D71",
pages         = "112003",
year          = "2005",
}

@article{PRD-76-2006-111101,
author        = "Aubert, B. and others",
title         = "{Measurement of time--dependent CP asymmetries in $B^{0}\to D^{*\pm}\pi^{\mp}$ and $B^{0}\to D^{\pm}\rho^{\mp}$ decays}",
collaboration = "BaBar collaboration",
journal       = "Phys. Rev.",
volume        = "D76",
pages         = "111101",
year          = "2006",
}

@article{PRD-73-2006-092003,
author        = "Ronga, F. J. and others",
title         = "{Measurement of CP violation in $B^{0}\to D^{*-}\pi^{+}$ and $B^{0}\to D^{-}\pi^{+}$ decays}",
collaboration = "Belle collaboration",
journal       = "Phys. Rev.",
volume        = "D73",
pages         = "092003",
year          = "2006",
}

@article{PRD-84-2011-021101,
author        = "Bahinipati, S. and others",
title         = "{Measurements of time--dependent $CP$ asymmetries in $B^{0}\to D^{*\mp}\pi^{\pm}$ decays using a partial reconstruction technique}",
collaboration = "Belle collaboration",
journal       = "Phys. Rev.",
volume        = "D84",
pages         = "021101",
year          = "2011",
}

@article{JHEP-11-2014-060,
author        = "Aaij, R. and others",
title         = "{Measurement of CP asymmetry in $B^{0}_{s}\to D_{s}^{\mp}K^{\pm}$ decays}",
collaboration = "LHCb collaboration",
journal       = "JHEP",
volume        = "11",
pages         = "060",
year          = "2014",
}


@article{PID,
author         = "Adinolfi, M. and others",
title          = "{Performance of the LHCb RICH detector at the LHC}",
collaboration  = "LHCb RICH Group",
eprint         = "1211.6759",
archivePrefix  = "arXiv",
}


@lhcbreport{LHCb-ANA-2015-044,
number         = "LHCb-ANA-2015-044",
collaboration  = "LHCb collaboration",
title          = "{Measurement of $CP$ violation in $B^{0}\to D^{+}D^{-}$ decays}"
}


@article{spline,
author           = "M. Karbach and G. Raven and M. Schiller",
title            = "{Decay time integrals in neutral meson mixing and their efficient evaluation}",
journal          = "Nucl. Instrum. Meth.",
eprint           = "1407.0748",
archivePrefix    = "arXiv",
}
