% Correct Bibtex entries are best obtained by cut-and-paste from
% Spires or Inspire.
% - They might still need some editing of Latex symbols in
%   the titles.
% - Page ranges should in many cases be shortened to just
%   having the start page.
% - Collaborations might need to be added or indeed just the word
%   "collaboration" put after them.

% Below are a set of standard references to use for LHCb.

@lhcbreport{Upgrade2,
      author         = "Aaij, Roel and others",
      title          = "{Expression of interest for a phase-II LHCb upgrade: opportunities in flavour physics, and beyond, in the HL-LHC era}",
      collaboration  = "LHCb collaboration",
      year           = "2017",
      number   = "CERN-LHCC-2017-003",
}

@lhcbreport{LHCb:2013lka,
      author         = "Storaci, B",
      title          = "{Updated average $f_s/f_d$ $b$-hadron production fraction
                        ratio for 7 TeV $pp$ collisions}",
      collaboration  = "LHCb collaboration",
      year           = "2013",
      number   = "CERN-LHCb-CONF-2013-011",
}

@lhcbreport{spillover,
      author   = "Battista, V. and Blanc, F., and Martinelli, M. and Tobin, M.",		
      title         = "{A study of spillover clusters and ghost tracks in the Silicon Tracker with $25$ ns bunch spacing}",
      number        = "{CERN-LHCb-INT-2016-010}",
      year          = "2016",
}


@article{DTF,
author           = "Hulsbergen, W. D., and others",
title            = "{Decay chain fitting with a Kalman filter}",
journal          = "Nucl. Instrum. Meth.",
volume        = "A552",
year             = "2005",
pages          = "566-575",
}

@lhcbreport{LHCb-PUB-2011-003Vava,
number         = "LHCb-PUB-2011-003",
collaboration  = "LHCb collaboration",
title          = "{A single track HLT1 trigger}"
}

@lhcbreport{CERN-LHCC-2017-003,
number         = "CERN-LHCC-2017-003",
collaboration  = "LHCb collaboration",
title          = "{Expression of interest for a phase-II LHCb upgrade: opportunities in flavour physics, and beyond, in the HL-LHC era}"
}

@lhcbreport{LHCb-PUB-2014-040,
number         = "LHCb-PUB-2014-040",
collaboration  = "LHCb collaboration",
title          = "{Impact of the LHCb upgrade detector design choices on physics and trigger performance}"
}

@lhcbreport{LHCb-INT-2011-030Vava,
number         = "LHCb-INT-2011-030",
collaboration  = "LHCb collaboration",
title          = "{The LHCb inclusive B triggers}"
}


@lhcbreport{EPM,
author           = "J. Wimberley",
title            = "{Calibration flavor tagging algorithms with binomial regression}",
number           = "LHCb-INT-2017-002"
}

@article{Hypatia,
author           = "Santos, D. M. and Dupertuis, F.",
title            = "{Mass distributions marginalized over per-event errors}",
journal          = "Nucl. Instrum. Meth.",
volume        = "A764",
year             = "2014",
pages          = "150",
}

@article{JohnsonSU,
author           = "Johnson, N. L.",
title            = "{Systems of frequency curves generated by methods of translation}",
journal          = "Biometrika",
volume        = "36",
year             = "1949",
pages          = "149-176",
}


%% SU(3) ucnertainty on r_Dpi
@article{DeBruyn:2012jp,
      author         = "De Bruyn, Kristof and Fleischer, Robert and Knegjens,
                        Robert and Merk, Marcel and Schiller, Manuel and Tuning,
                        Niels",
      title          = "{Exploring $B_s \to D_s^{(*)\pm} K^\mp$ decays in the
                        presence of a sizable width difference $\Delta\Gamma_s$}",
      journal        = "Nucl. Phys.",
      volume         = "B868",
      year           = "2013",
      pages          = "351-367",
      doi            = "10.1016/j.nuclphysb.2012.11.012",
      eprint         = "1208.6463",
      archivePrefix  = "arXiv",
      primaryClass   = "hep-ph",
      reportNumber   = "NIKHEF-2012-012",
      SLACcitation   = "%%CITATION = ARXIV:1208.6463;%%"
}

%% splines
@book{splines,
  author =       {de Boor, C.},
  title =        {A practical guide to splines (revised edition)},
  publisher =    {Springer},
  year =         {2001},
  address =      {New York, NY, USA},
}

@book{GLM,
        author =       {Agresti, A.},
        title =        {Categorical data analysis},
        publisher =    {Wiley Series in Probability and Statistics},
        year =         {2013},
}

@book{Nsplines,
        author =       {Hastie, T. and Tibshirani, R. and Friedman, J.},
        title =        {The  elements  of  statistical  learning},
        publisher =    {Springer Series in Statistics},
        year =         {2001},
}

% Ipatia
@article{Santos:2013ky,
  author         = "Mart\`{\i}nez Santos, Diego and Dupertuis, Frederic",
  title          = "{Mass distributions marginalized over per-event errors}",
  journal        = "Nucl. Instrum. Meth.",
  volume         = "A764",
  year           = "2014",
  pages          = "150-155",
  doi            = "10.1016/j.nima.2014.06.081",
  eprint         = "1312.5000",
  archivePrefix  = "arXiv",
  primaryClass   = "hep-ex",
  SLACcitation   = "%%CITATION = ARXIV:1312.5000;%%"
}

@article{JohnsonSU,
  author           = "Johnson, N. L.",
  title            = "{Systems of frequency curves generated by methods of translation}",
  journal          = "Biometrika",
  volume           = "36",
  year             = "1949",
  pages            = "149-176"
}

@techreport{LHCb-PUB-2016-021,
  author        = "Anderlini, Lucio and Contu, Andrea and Jones, Christopher
    Rob and Malde, Sneha Sirirshkumar and Muller, Dominik and
    Ogilvy, Stephen and Otalora Goicochea, Juan Martin and
    Pearce, Alex and Polyakov, Ivan and Qian, Wenbin and
    Sciascia, Barbara and Vazquez Gomez, Ricardo and Zhang,
  Yanxi",
  title         = "{The PIDCalib package}",
  institution   = "CERN",
  address       = "Geneva",
  number        = "LHCb-PUB-2016-021",
  month         = "Jul",
  year          = "2016",
  reportNumber  = "LHCb-PUB-2016-021",
  url           = "https://cds.cern.ch/record/2202412",
}

@article{CKM1,
  Author = {Cabibbo, N.},
  Date-Added = {2014-05-27 17:18:56 +0000},
  Date-Modified = {2014-05-27 17:18:56 +0000},
  Doi = {10.1103/PhysRevLett.10.531},
  Issue = {12},
  Journal = {Phys. Rev. Lett.},
  Month = {Jun},
  Pages = {531--533},
  Publisher = {American Physical Society},
  Title = {Unitary Symmetry and Leptonic Decays},
  Url = {http://link.aps.org/doi/10.1103/PhysRevLett.10.531},
  Volume = {10},
  Year = {1963},
  Bdsk-Url-1 = {http://link.aps.org/doi/10.1103/PhysRevLett.10.531},
  Bdsk-Url-2 = {http://dx.doi.org/10.1103/PhysRevLett.10.531}
}

@article{CKM2,
  author         = "Kobayashi, Makoto and Maskawa, Toshihide",
  title          = "{CP violation in the renormalizable theory of weak interaction}",
  journal        = "Prog.Theor.Phys.",
  volume         = "49",
  pages          = "652-657",
  doi            = "10.1143/PTP.49.652",
  year           = "1973",
  reportNumber   = "KUNS-242",
  SLACcitation   = "%%CITATION = PTPKA,49,652;%%",
}


@article{Fleischer:2003yb,
  Archiveprefix = {arXiv},
  Author = {Fleischer, Robert},
  Date-Added = {2014-05-27 17:19:23 +0000},
  Date-Modified = {2014-05-27 17:19:23 +0000},
  Doi = {10.1016/j.nuclphysb.2003.08.010},
  Eprint = {hep-ph/0304027},
  Journal = {Nucl.Phys.},
  Pages = {459-482},
  Primaryclass = {hep-ph},
  Reportnumber = {CERN-TH-2003-084},
  Slaccitation = {%%CITATION = HEP-PH/0304027;%%},
  Title = {{New strategies to obtain insights into CP violation through \mbox{$B_{(s)} \to D_{(s)}^\pm K^\mp$}, $D_{(s)}^{*\pm} K^\mp$, ... and $B_{(d)} \to D^\pm \pi^\mp$, $D^{*\pm} \pi^\mp$, ... decays}},
  Volume = {B671},
  Year = {2003},
  Bdsk-Url-1 = {http://dx.doi.org/10.1016/j.nuclphysb.2003.08.010}}

  @article{Aleksan:1991nh,
    Author = {Aleksan, R. and Dunietz, I. and Kayser, B.},
    Date-Added = {2014-05-27 17:19:17 +0000},
    Date-Modified = {2014-05-27 17:19:17 +0000},
    Doi = {10.1007/BF01559494},
    Journal = {Z. Phys.},
    Pages = {653-660},
    Slaccitation = {%%CITATION = ZEPYA,C54,653;%%},
    Title = {{Determining the CP violating phase $\gamma$}},
    Volume = {C54},
    Year = {1992},
    Bdsk-Url-1 = {http://dx.doi.org/10.1007/BF01559494}
  }

    @article{Dunietz:1987bvsss,
    title = {Asymmetry between inclusive charmed and anticharmed modes in ${B}^{0}$, $\bar{B}^{0}$ decay as a measure of     \textit{CP}   violation},
    author = {Dunietz, Isard and Sachs, Robert G.},
    journal = {Phys. Rev.},
    volume = {D37},
    issue = {11},
    pages = {3186--3192},
    numpages = {0},
    year = {1988},
    month = {Jun},
    publisher = {American Physical Society},
    doi = {10.1103/PhysRevD.37.3186},
    url = {http://link.aps.org/doi/10.1103/PhysRevD.37.3186},
    note           = "erratum ibid. {\bf D39} (1989) 3515",

}



@article{Aubert:2008zi,
  author         = "Aubert, Bernard and others",
  title          = "{Measurement of the branching fractions of the rare
    decays $B^0 \to D_s^{(*)+}\pi^{-}$, $B^0 \to D_s^{(*) +}
  \rho^{-}$, and $B^0 \to D_s^{(*) -} K^{(*) +}$}",
  collaboration  = "BaBar collaboration",
  journal        = "Phys. Rev.",
  volume         = "D78",
  year           = "2008",
  pages          = "032005",
  doi            = "10.1103/PhysRevD.78.032005",
  eprint         = "0803.4296",
  archivePrefix  = "arXiv",
  primaryClass   = "hep-ex",
  reportNumber   = "SLAC-PUB-13190, BABAR-PUB-08-009",
  SLACcitation   = "%%CITATION = ARXIV:0803.4296;%%"
}

@article{Das:2010be,
  author         = "Das, A. and others",
  title          = "{Measurements of branching fractions for \mbox{$B^0 \to
    D_s^+\pi^-$} and $\Bzb \to D_s^+K^-$}",
  collaboration  = "Belle collaboration",
  journal        = "Phys. Rev.",
  volume         = "D82",
  year           = "2010",
  pages          = "051103",
  doi            = "10.1103/PhysRevD.82.051103",
  eprint         = "1007.4619",
  archivePrefix  = "arXiv",
  primaryClass   = "hep-ex",
  reportNumber   = "BELLE-PREPRINT-2010-14, KEK-PREPRINT-2010-23, BELLE-PREPRINT#-2010-14, KEK-PREPRINT#-2010-23",
  SLACcitation   = "%%CITATION = ARXIV:1007.4619;%%"
}

@article{Bahinipati:2011yq,
  Archiveprefix = {arXiv},
  Author = {Bahinipati, S. and others},
  Collaboration = {Belle collaboration},
  Date-Added = {2014-05-27 17:19:50 +0000},
  Date-Modified = {2014-05-27 17:19:50 +0000},
  Doi = {10.1103/PhysRevD.84.021101},
  Eprint = {1102.0888},
  Journal = {Phys.Rev.},
  Pages = {021101},
  Primaryclass = {hep-ex},
  Reportnumber = {BELLE-PREPRINT-2011-1, KEK-PREPRINT-2010-49},
  Slaccitation = {%%CITATION = ARXIV:1102.0888;%%},
  Title = {{Measurements of time-dependent CP asymmetries in $B \to D^{*\mp} \pi^{\pm}$ decays using a partial reconstruction technique}},
  Volume = {D84},
  Year = {2011},
  Bdsk-Url-1 = {http://dx.doi.org/10.1103/PhysRevD.84.021101}}

  @article{PhysRevD.73.092003,
      author         = {Ronga, F. J. and others},
      title          = {{Measurement of CP violation in ${B}^{0} \rightarrow D^{*-} \pi^{+}$ and ${B}^{0} \rightarrow D^{-} \pi^{+}$ decays}},
      collaboration  = {Belle collaboration},
      journal        = {Phys. Rev.},
      volume         = {D73},
      year           = {2006},
      pages          = {092003},
      doi            = {10.1103/PhysRevD.73.092003},
      eprint         = {hep-ex/0604013},
      archivePrefix  = {arXiv},
      primaryClass   = {hep-ex},
      SLACcitation   = {%%CITATION = HEP-EX/0604013;%%}
}

    @article{Aubert:2006tw,
      Archiveprefix = {arXiv},
      Author = {Aubert, Bernard and others},
      Collaboration = {{BaBar collaboration}},
      Date-Added = {2014-05-27 17:19:36 +0000},
      Date-Modified = {2014-05-27 17:19:36 +0000},
      Doi = {10.1103/PhysRevD.73.111101},
      Eprint = {hep-ex/0602049},
      Journal = {Phys.Rev. D},
      Pages = {111101},
      Primaryclass = {hep-ex},
      Reportnumber = {BABAR-CONF-06-01, SLAC-PUB-11719},
      Slaccitation = {%%CITATION = HEP-EX/0602049;%%},
      Title = {{Measurement of time-dependent CP asymmetries in $B^0 \to D^{(*)\pm} \pi^\mp$ and $B^0 \to D^\pm \rho^\mp$ decays}},
      Volume = {73},
      Year = {2006},
      Bdsk-Url-1 = {http://dx.doi.org/10.1103/PhysRevD.73.111101}}

      @article{Aubert:2005yf,
        Archiveprefix = {arXiv},
        Author = {Aubert, Bernard and others},
        Collaboration = {{BaBar collaboration}},
        Date-Added = {2014-05-27 17:19:29 +0000},
        Date-Modified = {2014-05-27 17:19:29 +0000},
        Doi = {10.1103/PhysRevD.71.112003},
        Eprint = {hep-ex/0504035},
        Journal = {Phys.Rev.},
        Pages = {112003},
        Primaryclass = {hep-ex},
        Reportnumber = {SLAC-PUB-11136},
        Slaccitation = {%%CITATION = HEP-EX/0504035;%%},
        Title = {{Measurement of time-dependent CP-violating asymmetries and constraints on $sin(2\beta+\gamma)$ with partial reconstruction of $B \to D^{*\mp} \pi^\pm$ decays}},
        Volume = {D71},
        Year = {2005},
        Bdsk-Url-1 = {http://dx.doi.org/10.1103/PhysRevD.71.112003}}

% The LHCb detector paper
@article{Alves:2008zz,
      author         = "Alves~Jr., A. A. and others",
      title          = "{The \lhcb detector at the LHC}",
      collaboration  = "LHCb collaboration",
      journal        = "JINST",
      volume         = "3",
      pages          = "S08005",
      doi            = "10.1088/1748-0221/3/08/S08005",
      year           = "2008",
}

% The HLT1 in 2010 data
@lhcbreport{LHCb-PUB-2011-003,
      author       = "Gligorov, Vladimir V",
      title        = "{A single track HLT1 trigger}",
      number       = "LHCb-PUB-2011-003",
}

% The trigger conditions for Run 1
@lhcbreport{LHCb-PUB-2014-046,
      author       = "Puig, Albert",
      title        = "{The LHCb trigger in 2011 and 2012}",
      number       = "LHCb-PUB-2014-046",
}

% LHCb Topological Trigger Reoptimization - Run 2
@article{LHCb-PROC-2015-018,
      author        = "Likhomanenko, T. and others",
      title         = "{LHCb topological trigger reoptimization}",
      journal       = "J. Phys. Conf. Ser.",
      volume        = "664",
      pages         = "082025",
      doi           = "10.1088/1742-6596/664/8/082025",
      month         = "Oct",
      year          = "2015",
      reportNumber  = "LHCb-PROC-2015-018",
}

% PID performance
@article{LHCb-PROC-2011-008,
      author         = "Powell, A. and others",
      title          = "{Particle identification at LHCb}",
      journal        = "PoS",
      volume         = "ICHEP2010",
      pages          = "020",
      year           = "2010",
      note           = "\href{https://cdsweb.cern.ch/record/1322666?ln=en}{LHCb-PROC-2011-008}",
      SLACcitation   = "%%CITATION = POSCI,ICHEP2010,020;%%",
}

% The LHCb simulation
@article{LHCb-PROC-2011-006,
  author={Clemencic, M and others},
  title="{The \lhcb simulation application, Gauss: Design, evolution and experience}",
  journal="{J. Phys. Conf. Ser.}",
  volume={331},
  pages={032023},
  doi={10.1088/1742-6596/331/3/032023},
  year={2011},
}

% Pythia tuning
@article{LHCb-PROC-2010-056,
      author         = "Belyaev, I. and others",
      title          = "{Handling of the generation of primary events
                         in Gauss, the LHCb simulation framework}",
      journal="{J. Phys. Conf. Ser.}",
      volume={331},
      pages={032047},
      doi={10.1088/1742-6596/331/3/032047},
      year={2011},
}

% Pythia tuning
@article{LHCb-PROC-2010-056_OLD,
      author         = "Belyaev, I. and others",
      title          = "{Handling of the generation of primary events
in Gauss, the LHCb simulation framework}",
      journal        = "Nuclear Science Symposium Conference Record
(NSS/MIC)",
      volume         = "IEEE",
      pages          = "1155",
      year           = "2010",
      doi            = "10.1109/NSSMIC.2010.5873949",
}

% The PDG 2017 version (PDG 2016 + 2017 updates announced 31-May-17)
@article{PDG2017,
     author    = "Patrignani, C. and others",
 collaboration = "Particle Data Group",
     title     = "{\href{http://pdg.lbl.gov/}{Review of particle physics}}",
     journal   = "Chin. Phys.",
     volume    = "C40",
     year      = "2016",
     pages     = "100001",
     doi       = "10.1088/1674-1137/40/10/100001",
     note      = "and {\href{http://pdglive.lbl.gov/}{2017 update}}",
}

% The PDG 2016 version
@article{PDG,
     author    = "Patrignani, C. and others",
 collaboration = "Particle Data Group",
     title     = "{\href{http://pdg.lbl.gov/}{Review of particle physics}}",
     journal   = "Chin. Phys.",
     volume    = "C40",
     year      = "2016",
     pages     = "100001",
     doi       = "10.1088/1674-1137/40/10/100001",
     note      = "and {\href{http://pdglive.lbl.gov/}{2017 update}}",
}

% The PDG 2014 version
@article{PDG2014,
     author    = "Patrignani, C. and others",
 collaboration = "Particle Data Group",
     title     = "{\href{http://pdg.lbl.gov/}{Review of particle physics}}",
     journal   = "Chin. Phys.",
     volume    = "C40",
     year      = "2016",
     pages     = "100001",
     doi       = "10.1088/1674-1137/40/10/100001",
     note      = "and {\href{http://pdglive.lbl.gov/}{2017 update}}",}

% The PDG 2012 version
@article{PDG2012,
      author    = "Patrignani, C. and others",
 collaboration = "Particle Data Group",
     title     = "{\href{http://pdg.lbl.gov/}{Review of particle physics}}",
     journal   = "Chin. Phys.",
     volume    = "C40",
     year      = "2016",
     pages     = "100001",
     doi       = "10.1088/1674-1137/40/10/100001",
     note      = "and {\href{http://pdglive.lbl.gov/}{2017 update}}",
}

% HFAG/HFLAV
@article{HFLAV16,
      author         = "Amhis, Y. and others",
      collaboration  = "Heavy Flavor Averaging Group",
      title          = "{Averages of $b$-hadron, $c$-hadron, and $\tau$-lepton
                        properties as of summer 2016}",
      journal        = "Eur. Phys. J.",
      volume         = "C77",
      pages          = "895",
      doi            = "10.1140/epjc/s10052-017-5058-4",
      year           = "2017",
      eprint         = "1612.07233",
      archivePrefix  = "arXiv",
      primaryClass   = "hep-ex",
      reportNumber   = "FERMILAB-PUB-16-611-ND",
      SLACcitation   = "%%CITATION = ARXIV:1612.07233;%%",
      note           = "{updated results and plots available at \href{http://www.slac.stanford.edu/xorg/hflav/}{{\texttt{http://www.slac.stanford.edu/xorg/hflav/}}}}",
}

% HFAG pre-2016
@article{Amhis:2014hma,
      author         = "Amhis, Y. and others",
      title          = "{Averages of $b$-hadron, $c$-hadron, and $\tau$-lepton
                        properties as of summer 2014}",
      collaboration  = "Heavy Flavor Averaging Group",
      year           = "2014",
      eprint         = "1412.7515",
      archivePrefix  = "arXiv",
      primaryClass   = "hep-ex",
      reportNumber   = "FERMILAB-PUB-15-004-PPD",
      SLACcitation   = "%%CITATION = ARXIV:1412.7515;%%"
}
@article{HFAG,
      author         = "Amhis, Y. and others",
      collaboration  = "Heavy Flavor Averaging Group",
      title          = "{Averages of $b$-hadron, $c$-hadron, and $\tau$-lepton
                        properties as of summer 2016}",
      journal        = "Eur. Phys. J.",
      volume         = "C77",
      pages          = "895",
      doi            = "10.1140/epjc/s10052-017-5058-4",
      year           = "2017",
      eprint         = "1612.07233",
      archivePrefix  = "arXiv",
      primaryClass   = "hep-ex",
      reportNumber   = "FERMILAB-PUB-16-611-ND",
      SLACcitation   = "%%CITATION = ARXIV:1612.07233;%%",
      note           = "{updated results and plots available at \href{http://www.slac.stanford.edu/xorg/hflav/}{{\texttt{http://www.slac.stanford.edu/xorg/hflav/}}}}",
}

@article{Sjostrand:2006za,
      author         = {Sj\"{o}strand, Torbj\"{o}rn and Mrenna, Stephen and
                       Skands, Peter"},
      title          = "{PYTHIA 6.4 physics and manual}",
      journal        = "JHEP",
      volume         = "05",
      pages          = "026",
      doi            = "10.1088/1126-6708/2006/05/026",
      year           = "2006",
      eprint         = "hep-ph/0603175",
      archivePrefix  = "arXiv",
      primaryClass   = "hep-ph",
}

@article{Sjostrand:2007gs,
      author         = {Sj\"{o}strand, Torbj\"{o}rn and Mrenna, Stephen and
                        Skands, Peter"},
      title          = "{A brief introduction to PYTHIA 8.1}",
      journal        = "Comput. Phys. Commun.",
      volume         = "178",
      pages          = "852-867",
      doi            = "10.1016/j.cpc.2008.01.036",
      year           = "2008",
      eprint         = "0710.3820",
      archivePrefix  = "arXiv",
      primaryClass   = "hep-ph",
      reportNumber   = "CERN-LCGAPP-2007-04, LU-TP-07-28,
                        FERMILAB-PUB-07-512-CD-T",
      SLACcitation   = "%%CITATION = ARXIV:0710.3820;%%",
}


%GEANT4 (the two below should be used together)
@Article{Agostinelli:2002hh,
     author    = "Agostinelli, S. and others",
 collaboration = "Geant4 collaboration",
     title     = "{Geant4: A simulation toolkit}",
     journal   = "Nucl. Instrum. Meth.",
     volume    = "A506",
     year      = "2003",
     pages     = "250",
     doi       = "10.1016/S0168-9002(03)01368-8",
     SLACcitation  = "%%CITATION = NUIMA,A506,250;%%"
}

@article{Allison:2006ve,
      author         = "Allison, John and Amako, K. and Apostolakis, J. and
                        Araujo, H. and Dubois, P.A. and others",
 collaboration = "Geant4 collaboration",
      title          = "{Geant4 developments and applications}",
      journal        = "IEEE Trans.Nucl.Sci.",
      volume         = "53",
      pages          = "270",
      doi            = "10.1109/TNS.2006.869826",
      year           = "2006",
      reportNumber   = "SLAC-PUB-11870",
      SLACcitation   = "%%CITATION = IETNA,53,270;%%",
}

%DIRAC
@article{Tsaregorodtsev:2010zz,
      author         = "Tsaregorodtsev, A. and Brook, N. and Casajus Ramo, A. and
                        Charpentier, P. and Closier, J. and others",
      title          = "{DIRAC3: The new generation of the LHCb grid software}",
      journal        = "J. Phys. Conf. Ser.",
      volume         = "219",
      pages          = "062029",
      doi            = "10.1088/1742-6596/219/6/062029",
      year           = "2010",
      SLACcitation   = "%%CITATION = 00462,219,062029;%%",
}

@article{BelleDIRACAmazon,
      author         = "Graciani Diaz, Ricardo and Casajus Ramo, Adria and Carmona uero, Ana and Fifield, Thomas and Sevior, Martin",
      title          = "{Belle-DIRAC setup for using Amazon Elastic Compute Cloud}",
      journal        = "Journal of Grid Computing",
      volume         = "9",
      year           = "2011",
      pages          = "65-79",
      doi            = "10.1007/s10723-010-9175-7",
}

% EVTGEN
@Article{Lange:2001uf,
     author    = "Lange, D. J.",
     title     = "{The EvtGen particle decay simulation package}",
     journal   = "Nucl. Instrum. Meth.",
     volume    = "A462",
     year      = "2001",
     pages     = "152-155",
     doi       = "10.1016/S0168-9002(01)00089-4",
     SLACcitation  = "%%CITATION = NUIMA,A462,152;%%"
}

% PHOTOS
@article{Golonka:2005pn,
      author         = "Golonka, Piotr and Was, Zbigniew",
      title          = "{PHOTOS Monte Carlo: A precision tool for QED
                  corrections in $Z$ and $W$ decays}",
      journal        = "Eur. Phys. J.",
      volume         = "C45",
      pages          = "97-107",
      doi            = "10.1140/epjc/s2005-02396-4",
      year           = "2006",
      eprint         = "hep-ph/0506026",
      archivePrefix  = "arXiv",
      primaryClass   = "hep-ph",
      reportNumber   = "IFJPAN-V-05-01, CERN-PH-TH-2005-091",
      SLACcitation   = "%%CITATION = HEP-PH/0506026;%%",
}

% Crystal Ball function
@PhdThesis{Skwarnicki:1986xj,
  author    = "Skwarnicki, Tomasz",
  title     = "{A study of the radiative cascade transitions between the
                  Upsilon-prime and Upsilon resonances}",
  school = 	 {Institute of Nuclear Physics, Krakow},
  year = 	 {1986},
  note = 	 "{\href{http://inspirehep.net/record/230779/}{DESY-F31-86-02}}",
  SLACcitation   = "%%CITATION = DESY-F31-86-02 ETC.;%%"
}

% Hypatia, etc.
@article{Santos:2013gra,
      author         = "Mart{\'\i}nez Santos, Diego and Dupertuis, Fr{\'e}d{\'e}ric",
      title          = "{Mass distributions marginalized over per-event errors}",
      journal        = "Nucl. Instrum. Meth.",
      volume         = "A764",
      year           = "2014",
      pages          = "150-155",
      doi            = "10.1016/j.nima.2014.06.081",
      eprint         = "1312.5000",
      archivePrefix  = "arXiv",
      primaryClass   = "hep-ex",
      SLACcitation   = "%%CITATION = ARXIV:1312.5000;%%"
}

% BDT
@book{Breiman,
  author = 	 {Breiman, L. and Friedman, J. H. and Olshen,
                  R. A. and Stone, C. J.},
  title = 	 {Classification and regression trees},
  publisher = 	 {Wadsworth international group},
  year = 	 {1984},
  address = 	 {Belmont, California, USA},
}

@article{Roe,
   author = {Roe, B.~P. and Yang, H.-J. and Zhu, J. and Liu,
                  Y. and Stancu, I. and McGregor, G.},
    title = "{Boosted decision trees as an alternative to artificial neural networks for particle identification}",
  journal = {Nucl. Instrum. Meth.},
   eprint = {physics/0408124},
archivePrefix  = "arXiv",
 primaryClass   = "physics",
     year = "2005",
   volume = "A543",
    pages = {577-584},
      doi = {10.1016/j.nima.2004.12.018},
}

% BDT training with AdaBoost
@Article{AdaBoost,
  author = 	 {Freund, Yoav and Schapire, Robert E.},
  title = 	 {A decision-theoretic generalization of on-line learning and an application to boosting},
  journal = 	 {J. Comput. Syst. Sci.},
  volume         = "55",
  pages          = "119",
  year = 	 {1997},
  doi            = "10.1006/jcss.1997.1504",
}

% Multivariate topological trigger
@article{BBDT,
      author         = "Gligorov, V. V. and Williams, M.",
      title          = "{Efficient, reliable and fast high-level triggering using a bonsai boosted decision tree}",
      journal        = "JINST",
      volume         = "8",
      pages          = "P02013",
      doi            = "10.1088/1748-0221/8/02/P02013",
      year           = "2013",
      eprint         = "1210.6861",
      archivePrefix  = "arXiv",
      primaryClass   = "physics.ins-det",

}


%DecayTreeFitter
@article{Hulsbergen:2005pu,
      author         = "Hulsbergen, Wouter D.",
      title          = "{Decay chain fitting with a Kalman filter}",
      journal        = "Nucl. Instrum. Meth.",
      volume         = "A552",
      pages          = "566-575",
      doi            = "10.1016/j.nima.2005.06.078",
      year           = "2005",
      eprint         = "physics/0503191",
      archivePrefix  = "arXiv",
      primaryClass   = "physics",
      SLACcitation   = "%%CITATION = PHYSICS/0503191;%%",
}

%sPlot
@article{Pivk:2004ty,
      author         = "Pivk, Muriel and Le Diberder, Francois R.",
      title          = "{sPlot: A statistical tool to unfold data distributions}",
      journal        = "Nucl. Instrum. Meth.",
      volume         = "A555",
      pages          = "356-369",
      doi            = "10.1016/j.nima.2005.08.106",
      year           = "2005",
      eprint         = "physics/0402083",
      archivePrefix  = "arXiv",
      primaryClass   = "physics.data-an",
      reportNumber   = "LAL-04-07",
      SLACcitation   = "%%CITATION = PHYSICS/0402083;%%",
}

%Wilks' theorem
@article{Wilks:1938dza,
      author         = "Wilks, S. S.",
      title          = "{The large-sample distribution of the likelihood ratio
                        for testing composite hypotheses}",
      journal        = "Ann. Math.Stat.",
      volume         = "9",
      pages          = "60-62",
      doi            = "10.1214/aoms/1177732360",
      year           = "1938",
      SLACcitation   = "%%CITATION = AASTA,9,60;%%",
}

%Punzi's optimization criterion
@INPROCEEDINGS{Punzi:2003bu,
    author = "Punzi, G.",
     title = "{Sensitivity of searches for new signals and its optimization}",
 booktitle = {Statistical Problems in Particle Physics, Astrophysics, and Cosmology},
      year = 2003,
    eprint = "physics/0308063",
    archivePrefix = "arXiv",
    editor = {{Lyons}, L. and {Mount}, R. and {Reitmeyer}, R.},
     pages = {79},
    adsurl = {http://adsabs.harvard.edu/abs/2003sppp.conf...79P},
   adsnote = {Provided by the SAO/NASA Astrophysics Data System}
 }

@article{fsfd,
      author         = "Aaij, R. and others",
      title          = "{Measurement of the fragmentation fraction ratio $f_s/f_d$ and its dependence on $B$ meson kinematics}",
      collaboration  = "LHCb collaboration",
      journal        = "JHEP",
      volume         = "04",
      pages          = "001",
      doi            = "10.1007/JHEP04(2013)001",
      year           = "2013",
      eprint         = "1301.5286",
      archivePrefix  = "arXiv",
      primaryClass   = "hep-ex",
      reportNumber   = "CERN-PH-EP-2013-006, LHCB-PAPER-2012-037",
      SLACcitation   = "%%CITATION = ARXIV:1301.5286;%%",
      note           = "$f_s/f_d$ value updated in \href{https://cds.cern.ch/record/1559262}{LHCb-CONF-2013-011}"
}



@article{Majorana:1937vz,
      author         = "Majorana, Ettore",
      title          = "{Teoria simmetrica dell'elettrone e del positrone}",
      journal        = "Nuovo Cim.",
      volume         = "14",
      pages          = "171-184",
      doi            = "10.1007/BF02961314",
      year           = "1937",
}

@article{Pati:1974yy,
      author         = "Pati, Jogesh C. and Salam, Abdus",
      title          = "{Lepton number as the fourth color}",
      journal        = "Phys. Rev.",
      volume         = "D10",
      pages          = "275-289",
      doi            = "10.1103/PhysRevD.10.275",
      year           = "1974",
      extraPrefix    = "Erratum",
      extraVolume    = "D11",
      extraPages     = "703",
      extraYear      = "1975",
 }

@article{Mohapatra:1979ia,
      author         = "Mohapatra, Rabindra N. and Senjanovic, Goran",
      title          = "{Neutrino mass and spontaneous parity violation}",
      journal        = "Phys. Rev. Lett.",
      volume         = "44",
      pages          = "912",
      doi            = "10.1103/PhysRevLett.44.912",
      year           = "1980",
      reportNumber   = "MDDP-TR-80-060, MDDP-PP-80-105, CCNY-HEP-79-10",
      SLACcitation   = "%%CITATION = PRLTA,44,912;%%",
}

@article{Pascoli:2007qh,
      author         = "Pascoli, S. and Petcov, S.T.",
      title          = "{Majorana neutrinos, neutrino mass spectrum and the
                        $|\langle m \rangle| \sim 10^{-3}$~eV frontier in
                        neutrinoless double beta decay}",
      journal        = "Phys. Rev.",
      volume         = "D77",
      pages          = "113003",
      doi            = "10.1103/PhysRevD.77.113003",
      year           = "2008",
      eprint         = "0711.4993",
      archivePrefix  = "arXiv",
      primaryClass   = "hep-ph",
}

@article{FerroLuzzi:2005em,
      author         = "Ferro-Luzzi, M.",
      title          = "{Proposal for an absolute luminosity determination in
                        colliding beam experiments using vertex detection of
                        beam-gas interactions}",
      journal        = "Nucl. Instrum. Meth.",
      volume         = "A553",
      pages          = "388-399",
      doi            = "10.1016/j.nima.2005.07.010",
      year           = "2005",
}

@article{Skands:2009zm,
      author         = "Skands, Peter Z.",
      title          = "{The Perugia tunes}",
      year           = "2009",
      eprint         = "0905.3418",
      archivePrefix  = "arXiv",
      primaryClass   = "hep-ph",
}

@Misc{BibTeX,
  author = 	 {Feder, Alexander},
  title = 	 {Your {Bib\TeX} resource},
  howpublished = {\href{http://www.bibtex.org/} {http://www.bibtex.org/}},
}

@Misc{mciteplus,
  author = 	 {Shell, Michael},
  title = 	 {Mciteplus: Enhanced multicitations},
  howpublished = {\href{http://www.michaelshell.org/tex/mciteplus/} {http://www.michaelshell.org/tex/mciteplus/}},
}

@article{Bobeth:2011gi,
      author         = "Bobeth, Christoph and Hiller, Gudrun and van Dyk, Danny",
      title          = "{More benefits of semileptonic rare $B$ decays at low
                        recoil: \CP Violation}",
      journal        = "JHEP",
      volume         = "07",
      pages          = "067",
      doi            = "10.1007/JHEP07(2011)067",
      year           = "2011",
      eprint         = "1105.0376",
      archivePrefix  = "arXiv",
      primaryClass   = "hep-ph",
      reportNumber   = "DO-TH-10-16",
      SLACcitation   = "%%CITATION = ARXIV:1105.0376;%%",
}

@lhcbreport{LHCb-INT-2011-047,
      author       = "Dickens, Jeremy",
      title        = "A measurement of the photon efficiency from the 2010 data",
      number       = "LHCb-INT-2011-047",
}

@lhcbreport{LHCb-ANA-2011-078,
      author       = "Adrover, C and Albrecht, J and Bettler, M-O and Carson, L
                      and Cid Vidal, X and Elsasser, C and Hernando Morata, J A
                      and Lanfranchi, G and Mancinelli, G and Martinez Santos, D
                      and Matveev, M and Palutan, M and Perrin-Terrin, M and
                      Sagidova, N and Sarti, A and Serrano, J and Shcheglov, Y and
                      Steinkamp, O and Archilli, F and Sciascia, B",
      title        = "{Searches for $\Bs \to \mumu$ and $\Bd \to \mumu$ in $370 \invpb$ at LHCb}",
      number       = "LHCb-ANA-2011-078",
}

@lhcbreport{CERN-THESIS-2014-057,
      author        = "Owen, Patrick",
      title         = "{Measurement of branching fractions, isospin asymmetries
                       and angular observables in exclusive electroweak penguin
                       decays}",
      school        = "Imperial Coll., London",
      month         = "Mar",
      year          = "2014",
      number       = "CERN-THESIS-2014-057",
}

@lhcbreport{LHCb-PROC-2014-017,
      author        = "Perret, Pascal",
      title         = "{First Years of Running for the LHCb Calorimeter system}",
      month         = "Jul",
      year          = "2014",
      number       = "LHCb-PROC-2014-017",
}

@lhcbreport{LHCb-TALK-2014-257,
      author       = "Egede, Ulrik",
      title        = "Future of heavy flavour physics",
      number       = "LHCb-TALK-2014-257",
}

% Real-time calibration
@INPROCEEDINGS{Dujany:2017839,
      author        = "Dujany, Giulio and Storaci, Barbara",
      title         = "{Real-time alignment and calibration of the LHCb Detector
                       in Run II}",
      month         = "Apr",
      year          = "2015",
      number        = "LHCb-PROC-2015-011",
      url           = "https://cds.cern.ch/record/2017839",
}

% Turbo stream
@article{LHCb-PROC-2015-011,
      author        = "Dujany, Giulio and Storaci, Barbara",
      title         = "{Real-time alignment and calibration of the LHCb Detector
                       in Run II}",
      journal="{J. Phys. Conf. Ser.}",
      volume={664},
      pages={082010},
      doi={10.1088/1742-6596/664/8/082010},
      year={2015},
}

% LHC beam energy calibration and uncertainty
@article{PhysRevAccelBeams.20.081003,
 title = "{Large Hadron Collider momentum calibration and accuracy}",
 author = {Todesco, E. and Wenninger, J.},
 journal = {Phys. Rev. Accel. Beams},
 volume = {20},
 issue = {8},
 pages = {081003},
 numpages = {14},
 year = {2017},
 month = {Aug},
 publisher = {American Physical Society},
 doi = {10.1103/PhysRevAccelBeams.20.081003},
 url = {https://link.aps.org/doi/10.1103/PhysRevAccelBeams.20.081003}
}

% the CLS method
@article{CLs,
  author={A L Read},
  title="{Presentation of search results: The CL$_{\rm s}$ technique}",
  journal={J. Phys.},
  volume={G28},
  pages={2693},
  doi={10.1088/0954-3899/28/10/313},
  year={2002},
}

@article{CKMfitter2005,
      author         = "Charles, J. and H{\"o}cker, Andreas and Lacker, H. and
                        Laplace, S. and Le Diberder, F. R. and Malcl{\`e}s, J. and
                        Ocariz, J. and Pivk, M. and Roos, L.",
      title          = "{\CP violation and the CKM matrix: Assessing the impact of the asymmetric $B$ factories}",
      collaboration  = "CKMfitter group",
      journal        = "Eur. Phys. J.",
      volume         = "C41",
      year           = "2005",
      pages          = "1",
      doi            = "10.1140/epjc/s2005-02169-1",
      eprint         = "hep-ph/0406184",
      archivePrefix  = "arXiv",
      primaryClass   = "hep-ph",
      reportNumber   = "CPT-2004-P-030, LAL-04-21, LAPP-EXP-2004-01, LPNHE-2004-01",
      SLACcitation   = "%%CITATION = HEP-PH/0406184;%%",
      note           = "{updated results and plots available at \href{http://ckmfitter.in2p3.fr/}{{\texttt{http://ckmfitter.in2p3.fr/}}}}",
}

@article{CKMfitter2015,
      author         = "Charles, J. and others",
      title          = "{Current status of the Standard Model CKM fit and constraints on \hbox{$\Delta F=2$} new physics}",
      collaboration  = "CKMfitter group",
      journal        = "Phys. Rev.",
      volume         = "D91",
      year           = "2015",
      pages          = "073007",
      doi            = "10.1103/PhysRevD.91.073007",
      eprint         = "1501.05013",
      archivePrefix  = "arXiv",
      primaryClass   = "hep-ph",
      reportNumber   = "LPT-ORSAY-15-04",
      SLACcitation   = "%%CITATION = ARXIV:1501.05013;%%",
      note           = "{updated results and plots available at \href{http://ckmfitter.in2p3.fr/}{{\texttt{http://ckmfitter.in2p3.fr/}}}}",
}

% UTfit Standard Model / Unitarity Triangle
@article{UTfit-UT,
      author         = "Bona, M. and others",
      title          = "{The unitarity triangle fit in the standard model and
                        hadronic parameters from lattice QCD: A reappraisal after
                        the measurements of $\Delta m_{s}$ and $BR(B\to\tau\nu_{\tau})$}",
      collaboration  = "UTfit collaboration",
      journal        = "JHEP",
      volume         = "10",
      year           = "2006",
      pages          = "081",
      doi            = "10.1088/1126-6708/2006/10/081",
      eprint         = "hep-ph/0606167",
      archivePrefix  = "arXiv",
      primaryClass   = "hep-ph",
      SLACcitation   = "%%CITATION = HEP-PH/0606167;%%",
      note           = "{updated results and plots available at \href{http://www.utfit.org/}{{\texttt{http://www.utfit.org/}}}}",
}

% UTfit New Physics
@article{UTfit-NP,
      author         = "Bona, M. and others",
      title          = "{Constraints on new physics from the quark mixing unitarity triangle}",
      collaboration  = "UTfit collaboration",
      journal        = "Phys. Rev. Lett.",
      volume         = "97",
      year           = "2006",
      pages          = "151803",
      doi            = "10.1103/PhysRevLett.97.151803",
      eprint         = "hep-ph/0605213",
      archivePrefix  = "arXiv",
      primaryClass   = "hep-ph",
      SLACcitation   = "%%CITATION = HEP-PH/0605213;%%",
      note           = "{updated results and plots available at \href{http://www.utfit.org/}{{\texttt{http://www.utfit.org/}}}}",
}


@article{Scikit,
      author         = "Pedregosa, Fabian and others",
      title          = "{Scikit-learn: Machine learning in Python}",
      journal        = "J. Machine Learning Res.",
      volume         = "12",
      year           = "2011",
      pages          = "2825",
      eprint         = "1201.0490",
      archivePrefix  = "arXiv",
      primaryClass   = "cs.LG",
      url            = "{http://www.jmlr.org/papers/v12/pedregosa11a.html}",
      SLACcitation   = "%%CITATION = ARXIV:1201.0490;%%",
      note           = "{and online at \href{http://scikit-learn.org/stable/}{{\texttt{http://scikit-learn.org/stable/}}}}",
}

@inproceedings{Adye:2011gm,
      author         = "Adye, Tim",
      title          = "{Unfolding algorithms and tests using RooUnfold}",
      booktitle      = "{Proceedings, PHYSTAT 2011 Workshop on Statistical Issues
                        Related to Discovery Claims in Search Experiments and
                        Unfolding, CERN,Geneva, Switzerland 17-20 January 2011}",
      organization   = "CERN",
      publisher      = "CERN",
      address        = "Geneva",
      year           = "2011",
      url            = "https://inspirehep.net/record/898599/files/arXiv:1105.1160.pdf",
      pages          = "313-318",
      doi            = "10.5170/CERN-2011-006.313",
      eprint         = "1105.1160",
      archivePrefix  = "arXiv",
      primaryClass   = "physics.data-an",
      SLACcitation   = "%%CITATION = ARXIV:1105.1160;%%"
}

%
% baryon asymmetry in Universe - some options
%
@article{Gavela:1993ts,
      author         = "Gavela, M. B. and Hernandez, P. and Orloff, J. and P\`ene, O.",
      title          = "{Standard model \CP violation and baryon asymmetry}",
      journal        = "Mod. Phys. Lett.",
      volume         = "A9",
      year           = "1994",
      pages          = "795-810",
      doi            = "10.1142/S0217732394000629",
      eprint         = "hep-ph/9312215",
      archivePrefix  = "arXiv",
      primaryClass   = "hep-ph",
      reportNumber   = "CERN-TH-7081-93, LPTHE-ORSAY-93-48, HUTP-93-A036,
                        HD-THEP-93-45",
      SLACcitation   = "%%CITATION = HEP-PH/9312215;%%"
}

@article{Gavela:1994dt,
      author         = "Gavela, M. B. and Hernandez, P. and Orloff, J. and Pene, O. and Quimbay, C.",
      title          = "{Standard model \CP violation and baryon asymmetry. Part 2: Finite temperature}",
      journal        = "Nucl. Phys.",
      volume         = "B430",
      year           = "1994",
      pages          = "382-426",
      doi            = "10.1016/0550-3213(94)00410-2",
      eprint         = "hep-ph/9406289",
      archivePrefix  = "arXiv",
      primaryClass   = "hep-ph",
      reportNumber   = "CERN-TH-7263-94, LPTHE-ORSAY-94-49, HUTP-94-A015,
                        HD-THEP-94-20, FTUAM-94-14, NSF-ITP-94-65",
      SLACcitation   = "%%CITATION = HEP-PH/9406289;%%"
}

@article{Huet:1994jb,
      author         = "Huet, Patrick and Sather, Eric",
      title          = "{Electroweak baryogenesis and standard model \CP violation}",
      journal        = "Phys. Rev.",
      volume         = "D51",
      year           = "1995",
      pages          = "379-394",
      doi            = "10.1103/PhysRevD.51.379",
      eprint         = "hep-ph/9404302",
      archivePrefix  = "arXiv",
      primaryClass   = "hep-ph",
      reportNumber   = "SLAC-PUB-6479",
      SLACcitation   = "%%CITATION = HEP-PH/9404302;%%"
}

@article{spline,
author           = "M. Karbach and G. Raven and M. Schiller",
title            = "{Decay time integrals in neutral meson mixing and their efficient evaluation}",
eprint           = "1407.0748",
archivePrefix    = "arXiv",
}

@article{Aoki:2016frl,
      author         = "Aoki, S. and others",
      title          = "{Review of lattice results concerning low-energy particle
                        physics}",
      journal        = "Eur. Phys. J.",
      volume         = "C77",
      year           = "2017",
      number         = "2",
      pages          = "112",
      doi            = "10.1140/epjc/s10052-016-4509-7",
      eprint         = "1607.00299",
      archivePrefix  = "arXiv",
      primaryClass   = "hep-lat",
      reportNumber   = "CP3-Origins-2016-023-DNRF90, DESY-16-111, DIAS-2016-23,
                        Edinburgh-2016-11, FTUAM-16-23, HIM-2016-02,
                        IFT-UAM-CSIC-16-057, LPT-Orsay-16-47, MITP-16-059,
                        RM3-TH-16-7, ROM2F-2016-05, YITP-16-77",
      SLACcitation   = "%%CITATION = ARXIV:1607.00299;%%"
}

@article{Bazavov:2014wgs,
      author         = "Bazavov, A. and others",
      title          = "{Charmed and light pseudoscalar meson decay constants
                        from four-flavor lattice QCD with physical light quarks}",
      collaboration  = "Fermilab Lattice, MILC",
      journal        = "Phys. Rev.",
      volume         = "D90",
      year           = "2014",
      pages          = "074509",
      doi            = "10.1103/PhysRevD.90.074509",
      eprint         = "1407.3772",
      archivePrefix  = "arXiv",
      primaryClass   = "hep-lat",
      reportNumber   = "FERMILAB-PUB-14-230-T",
      SLACcitation   = "%%CITATION = ARXIV:1407.3772;%%"
}

@article{Carrasco:2014poa,
      author         = "Carrasco, N. and others",
      title          = "{Leptonic decay constants $f_{K},f_{D},$ and
                        $f_{{D}_{s}}$ with $N_{f} = 2+1+1$ twisted-mass lattice
                        QCD}",
      journal        = "Phys. Rev.",
      volume         = "D91",
      year           = "2015",
      pages          = "054507",
      doi            = "10.1103/PhysRevD.91.054507",
      eprint         = "1411.7908",
      archivePrefix  = "arXiv",
      primaryClass   = "hep-lat",
      SLACcitation   = "%%CITATION = ARXIV:1411.7908;%%"
}


% Revtex
@Misc{REVTeX,
  author =
"{American Physical Society}",
  title =
"{APS {REV\TeX} package}",
  howpublished = {\href{https://journals.aps.org/revtex}{https://journals.aps.org/revtex}},
}

%%%%%%%%%%%%%%%%%%%%%%%%%%%%%%%%%%%%%%%%%%%%%%%%%%%%%%%%%
%
%  LHCb paper information moved to LHCb-PAPER.bib
%                         see also LHCb-CONF.bib
%
%%%%%%%%%%%%%%%%%%%%%%%%%%%%%%%%%%%%%%%%%%%%%%%%%%%%%%%%%
